@BOOK{spivakCalc,
	author={Spivak, Michael},
	year=1996,
	title={Calculus},
	edition=1,
	publisher={Reverte},
}

@BOOK{Lamport,
	author={Lamport, Leslie},
	year=1996,
	title={LaTeX},
	edition=2,
	publisher={Addison-Wesley},
}

@ARTICLE{bucher1990a,
	author = {Peter Michael Bucher},
	title = {Weight matrix descriptions of four eukaryotic {RNA polymerase II}
	promoter elements derived from 502 unrelated promoter sequences},
	journal = {Journal of Molecular Biology},
	year = 1990,
	volume = 212,
	pages = {563-578},
}
