% This file was created with JabRef 2.10.
% Encoding: Cp1252


@Misc{ctanWebsite,
  Title                    = {Comprehensite TeX Archive Network},

  Author                   = {CTAN},
  Year                     = {2015},

  Owner                    = {latex},
  Timestamp                = {2015.06.24}
}

@Article{lamportLatex,
  Title                    = {Creaci\'on de Documentos Cient\'{\i}ficos},
  Author                   = {Leslie Lamport},
  Journal                  = {\LaTeX{} para todos},
  Year                     = {2014},

  Month                    = {Junio},
  Number                   = {6},
  Pages                    = {75--140},
  Volume                   = {22},

  Owner                    = {latex},
  Timestamp                = {2015.06.24}
}

@Article{jperezBiblio,
  Title                    = {Manejo de Bibliograf\'ia en \LaTeX{}},
  Author                   = {Juan P\'erez},
  Journal                  = {Anales del Congreso Nacional de Usuarios de \LaTeX{}},
  Year                     = {2015},

  Month                    = {Marzo},
  Number                   = {17},
  Pages                    = {95-120},
  Volume                   = {15},

  Owner                    = {latex},
  Timestamp                = {2015.06.24}
}

