% This file was created with JabRef 2.10.
% Encoding: Cp1252


@Book{latexCompanion,
  Title                    = {The \LaTeX{} Companion},
  Author                   = {Michel Goossens and Frank Mittelbach and Alexander Samarin},
  Publisher                = {Addison-Wesley},
  Year                     = {1993},
  Edition                  = {2},

  Owner                    = {obed},
  Timestamp                = {2015.06.24}
}

@Book{spivakCalc,
  Title                    = {Calculus},
  Author                   = {Michael Spivak},
  Editor                   = {Reverte},
  Publisher                = {Reverte},
  Year                     = {1990},

  Owner                    = {obed},
  Timestamp                = {2015.06.24}
}

